@inproceedings{Huang2DGS2024,
    title={2D Gaussian Splatting for Geometrically Accurate Radiance Fields},
    author={Huang, Binbin and Yu, Zehao and Chen, Anpei and Geiger, Andreas and Gao, Shenghua},
    publisher = {Association for Computing Machinery},
    booktitle = {SIGGRAPH 2024 Conference Papers},
    year      = {2024},
    doi       = {10.1145/3641519.3657428}
}

@misc{kerbl20233dgaussiansplattingrealtime,
      title={3D Gaussian Splatting for Real-Time Radiance Field Rendering}, 
      author={Bernhard Kerbl and Georgios Kopanas and Thomas Leimkühler and George Drettakis},
      year={2023},
      eprint={2308.04079},
      archivePrefix={arXiv},
      primaryClass={cs.GR},
      url={https://arxiv.org/abs/2308.04079}, 
}

@misc{zhang2018unreasonableeffectivenessdeepfeatures,
      title={The Unreasonable Effectiveness of Deep Features as a Perceptual Metric}, 
      author={Richard Zhang and Phillip Isola and Alexei A. Efros and Eli Shechtman and Oliver Wang},
      year={2018},
      eprint={1801.03924},
      archivePrefix={arXiv},
      primaryClass={cs.CV},
      url={https://arxiv.org/abs/1801.03924}, 
}

@misc{fang2024minisplatting2building360scenes,
      title={Mini-Splatting2: Building 360 Scenes within Minutes via Aggressive Gaussian Densification}, 
      author={Guangchi Fang and Bing Wang},
      year={2024},
      eprint={2411.12788},
      archivePrefix={arXiv},
      primaryClass={cs.CV},
      url={https://arxiv.org/abs/2411.12788}, 
}

@misc{yu2023mipsplattingaliasfree3dgaussian,
      title={Mip-Splatting: Alias-free 3D Gaussian Splatting}, 
      author={Zehao Yu and Anpei Chen and Binbin Huang and Torsten Sattler and Andreas Geiger},
      year={2023},
      eprint={2311.16493},
      archivePrefix={arXiv},
      primaryClass={cs.CV},
      url={https://arxiv.org/abs/2311.16493}, 
}

@misc{mildenhall2020nerfrepresentingscenesneural,
      title={NeRF: Representing Scenes as Neural Radiance Fields for View Synthesis}, 
      author={Ben Mildenhall and Pratul P. Srinivasan and Matthew Tancik and Jonathan T. Barron and Ravi Ramamoorthi and Ren Ng},
      year={2020},
      eprint={2003.08934},
      archivePrefix={arXiv},
      primaryClass={cs.CV},
      url={https://arxiv.org/abs/2003.08934}, 
}

@misc{chen2025survey3dgaussiansplatting,
      title={A Survey on 3D Gaussian Splatting}, 
      author={Guikun Chen and Wenguan Wang},
      year={2025},
      eprint={2401.03890},
      archivePrefix={arXiv},
      primaryClass={cs.CV},
      url={https://arxiv.org/abs/2401.03890}, 
}

@article{zwicker2002ewa,
  author= {Matthias Zwicker and Hanspeter Pfister and Jeroen van Baar and Markus Gross},
  title= {EWA Splatting},
  journal = {IEEE Transactions on Visualization and Computer Graphics},
  volume= {8},
  number= {3},
  year= {2002},
  month= {July-September},
  publisher= {IEEE}
}

@misc{lu2023scaffoldgsstructured3dgaussians,
      title={Scaffold-GS: Structured 3D Gaussians for View-Adaptive Rendering}, 
      author={Tao Lu and Mulin Yu and Linning Xu and Yuanbo Xiangli and Limin Wang and Dahua Lin and Bo Dai},
      year={2023},
      eprint={2312.00109},
      archivePrefix={arXiv},
      primaryClass={cs.CV},
      url={https://arxiv.org/abs/2312.00109}, 
}

@inbook{Chen_2024,
   title={MVSplat: Efficient 3D Gaussian Splatting from Sparse Multi-view Images},
   ISBN={9783031726644},
   ISSN={1611-3349},
   url={http://dx.doi.org/10.1007/978-3-031-72664-4_21},
   DOI={10.1007/978-3-031-72664-4_21},
   booktitle={Computer Vision – ECCV 2024},
   publisher={Springer Nature Switzerland},
   author={Chen, Yuedong and Xu, Haofei and Zheng, Chuanxia and Zhuang, Bohan and Pollefeys, Marc and Geiger, Andreas and Cham, Tat-Jen and Cai, Jianfei},
   year={2024},
}
@misc{nilsson2020understandingssim,
      title={Understanding SSIM}, 
      author={Jim Nilsson and Tomas Akenine-Möller},
      year={2020},
      eprint={2006.13846},
      archivePrefix={arXiv},
      primaryClass={eess.IV},
      url={https://arxiv.org/abs/2006.13846}, 
}

@misc{ververas2024sagsstructureaware3dgaussian,
      title={SAGS: Structure-Aware 3D Gaussian Splatting}, 
      author={Evangelos Ververas and Rolandos Alexandros Potamias and Jifei Song and Jiankang Deng and Stefanos Zafeiriou},
      year={2024},
      eprint={2404.19149},
      archivePrefix={arXiv},
      primaryClass={cs.CV},
      url={https://arxiv.org/abs/2404.19149}, 
}

@misc{chen2022tensorftensorialradiancefields,
      title={TensoRF: Tensorial Radiance Fields}, 
      author={Anpei Chen and Zexiang Xu and Andreas Geiger and Jingyi Yu and Hao Su},
      year={2022},
      eprint={2203.09517},
      archivePrefix={arXiv},
      primaryClass={cs.CV},
      url={https://arxiv.org/abs/2203.09517}, 
}

@misc{lu2024turbogsaccelerating3dgaussian,
      title={Turbo-GS: Accelerating 3D Gaussian Fitting for High-Quality Radiance Fields}, 
      author={Tao Lu and Ankit Dhiman and R Srinath and Emre Arslan and Angela Xing and Yuanbo Xiangli and R Venkatesh Babu and Srinath Sridhar},
      year={2024},
      eprint={2412.13547},
      archivePrefix={arXiv},
      primaryClass={cs.CV},
      url={https://arxiv.org/abs/2412.13547}, 
}

@ARTICLE{1284395,
  author={Zhou Wang and Bovik, A.C. and Sheikh, H.R. and Simoncelli, E.P.},
  journal={IEEE Transactions on Image Processing}, 
  title={Image quality assessment: from error visibility to structural similarity}, 
  year={2004},
  volume={13},
  number={4},
  pages={600-612},
  keywords={Image quality;Humans;Transform coding;Visual system;Visual perception;Data mining;Layout;Quality assessment;Degradation;Indexes},
  doi={10.1109/TIP.2003.819861}}
